
@inproceedings{bremond2024poseidon,
  title={Poseidon: A Source-to-Source Translator for Holistic HPC Optimizations of Ocean Models on Regular Grids},
  author={Br{\'e}mond, Maurice and Brunie, Hugo and Debreu, Laurent and Ford, Rupert W and Lemari{\'e}, Florian and Mittermair, Anna and Porter, Andrew R and R{\'e}my, Julien and Rosales, Philippe and Schreiber, Martin and others},
  booktitle={SC24},
  year={2024}
}

