@article{RUDI2025,
title = {{CG-K}it: Code Generation Toolkit for performant and maintainable variants of source code applied to {F}lash-{X} hydrodynamics simulations},
journal = {Future Generation Computer Systems},
volume = {163},
pages = {107511},
year = {2025},
issn = {0167-739X},
doi = {https://doi.org/10.1016/j.future.2024.107511},
url = {https://www.sciencedirect.com/science/article/pii/S0167739X24004758},
author = {Johann Rudi and Youngjun Lee and Aidan H. Chadha and 
Mohamed Wahib and Klaus Weide and Jared P. O’Neal and Anshu Dubey},
}

@inproceedings{Lee2024,
title="ORCHA: A Performance Portability System For Flash-X",
author = {Lee, Y. and Kwiecinski, W. and Weide, K. and Rudi, J. and O’Neal, J. and Vatai, E. and Wahib, M. and Klosterman, T. and Dubey, A.},
year = "2024",
booktitle= "SC24, poster",
}

@article{DubeyLeeKlostermanVatai23,
  title={A tool and a methodology to use macros for abstracting variations in code for different computational demands},
  author={Dubey, Anshu and Lee, Youngjun and Klosterman, Tom and Vatai, Emil},
  journal={Future Generation Computer Systems},
  year={2023},
  publisher={Elsevier},
  doi={10.1016/j.future.2023.07.014}
}


@inproceedings{dubey2022macro,
title={Language Agnostic Approach for Unification of Implementation Variants for Different Computing Devices},
author={Dubey, Anshu and Klosterman, Tom},
booktitle={Parallel Processing and Applied Mathematics Conference},
year={2022}
}

@inproceedings{o2022domain,
  title={Domain-specific runtime to orchestrate computation on heterogeneous platforms},
  author={O’Neal, Jared and Wahib, Mohamed and Dubey, Anshu and Weide, Klaus and Klosterman, Tom and Rudi, Johann},
  booktitle={European Conference on Parallel Processing},
  pages={154--165},
  year={2022},
  organization={Springer, Cham}
}

@article{dubey2022flash,
  title={Flash-X: A multiphysics simulation software instrument},
  author={Dubey, Anshu and Weide, Klaus and O’Neal, Jared and Dhruv, Akash and Couch, Sean and Harris, J Austin and Klosterman, Tom and Jain, Rajeev and Rudi, Johann and Messer, Bronson and others},
  journal={SoftwareX},
  volume={19},
  pages={101168},
  year={2022},
  publisher={Elsevier}
}

@article{harris2022exascale,
  title={Exascale models of stellar explosions: Quintessential multi-physics simulation},
  author={Harris, J Austin and Chu, Ran and Couch, Sean M and Dubey, Anshu and Endeve, Eirik and Georgiadou, Antigoni and Jain, Rajeev and Kasen, Daniel and Laiu, M Paul and Messer, OE B and others},
  journal={The International Journal of High Performance Computing Applications},
  volume={36},
  number={1},
  pages={59--77},
  year={2022},
  publisher={SAGE Publications Sage UK: London, England}
}

@article{couch2021towards,
  title={Towards performance portability in the Spark astrophysical magnetohydrodynamics solver in the Flash-X simulation framework},
  author={Couch, Sean M and Carlson, Jared and Pajkos, Michael and O’Shea, Brian W and Dubey, Anshu and Klosterman, Tom},
  journal={Parallel Computing},
  volume={108},
  pages={102830},
  year={2021},
  publisher={North-Holland}
}


@techreport{rudi2021codeflow,
  title={CodeFlow: A Code Generation System for Flash-X Orchestration Runtime},
  author={Rudi, Johann and O'Neal, Jared and Wahib, Mohamed and Dubey, Anshu},
  year={2021},
  institution={Argonne National Lab.(ANL), Argonne, IL (United States)}
}

