@inproceedings{DBLP:conf/ipps/0006S024,
  author       = {David {\'{A}}lvarez and
                  Kevin Sala and
                  Vicen{\c{c}} Beltran},
  title        = {nOS-V: Co-Executing {HPC} Applications Using System-Wide Task Scheduling},
  booktitle    = {{IEEE} International Parallel and Distributed Processing Symposium,
                  {IPDPS} 2024, San Francisco, CA, USA, May 27-31, 2024},
  pages        = {312--324},
  publisher    = {{IEEE}},
  year         = {2024},
  url          = {https://doi.org/10.1109/IPDPS57955.2024.00035},
  doi          = {10.1109/IPDPS57955.2024.00035},
  timestamp    = {Wed, 17 Jul 2024 15:59:37 +0200},
  biburl       = {https://dblp.org/rec/conf/ipps/0006S024.bib},
  bibsource    = {dblp computer science bibliography, https://dblp.org}
}

@InProceedings{10.1007/978-3-642-03869-3_80,
author="Augonnet, C{\'e}dric
and Thibault, Samuel
and Namyst, Raymond
and Wacrenier, Pierre-Andr{\'e}",
editor="Sips, Henk
and Epema, Dick
and Lin, Hai-Xiang",
title="StarPU: A Unified Platform for Task Scheduling on Heterogeneous Multicore Architectures",
booktitle="Euro-Par 2009 Parallel Processing",
year="2009",
publisher="Springer Berlin Heidelberg",
address="Berlin, Heidelberg",
pages="863--874",
abstract="In the field of HPC, the current hardware trend is to design multiprocessor architectures that feature heterogeneous technologies such as specialized coprocessors (e.g. Cell/BE SPUs) or data-parallel accelerators (e.g. GPGPUs).",
isbn="978-3-642-03869-3"
}

@INPROCEEDINGS{508060,
  author={Kale, L.V. and Bhandarkar, M. and Jagathesan, N. and Krishnan, S. and Yelon, J.},
  booktitle={Proceedings of International Conference on Parallel Processing}, 
  title={Converse: an interoperable framework for parallel programming}, 
  year={1996},
  volume={},
  number={},
  pages={212-217},
  keywords={Parallel programming;Object oriented programming;Parallel languages;Runtime},
  doi={10.1109/IPPS.1996.508060}}

