@Article{Caviedes2023,
  author    = {Daniel Caviedes-Voulli\`eme and Mario Morales-Hern\'andez and Matthew R. Norman and Ilhan \"Ozgen-Xian},
  journal   = {Geoscientific Model Development},
  title     = {{SERGHEI} ({SERGHEI}-{SWE}) v1.0: a performance-portable high-performance parallel-computing shallow-water solver for hydrology and environmental hydraulics},
  year      = {2023},
  month     = {feb},
  number    = {3},
  pages     = {977--1008},
  volume    = {16},
  doi       = {10.5194/gmd-16-977-2023},
  file      = {:Caviedes2023.pdf:PDF},
  groups    = {Surface flows},
  publisher = {Copernicus {GmbH}},
}
